%% This BibTeX bibliography file was created using BibDesk.
%% https://bibdesk.sourceforge.io/

%% Created for Felix Förtsch at 2020-05-01 18:48:17 +0200 


%% Saved with string encoding Unicode (UTF-8) 



@article{dey2001conceptual,
	Author = {Dey, Anind K and Abowd, Gregory D and Salber, Daniel},
	Date-Added = {2020-05-01 18:48:09 +0200},
	Date-Modified = {2020-05-01 18:48:09 +0200},
	Journal = {Human--Computer Interaction},
	Number = {2-4},
	Pages = {97--166},
	Publisher = {Taylor \& Francis},
	Title = {A conceptual framework and a toolkit for supporting the rapid prototyping of context-aware applications},
	Volume = {16},
	Year = {2001},
	Bdsk-File-1 = {YnBsaXN0MDDSAQIDBFxyZWxhdGl2ZVBhdGhZYWxpYXNEYXRhXxBSU291cmNlcy9EZXkgMjAwMSBBIGNvbmNlcHR1YWwgZnJhbWV3b3JrIGFuZCBhIHRvb2xraXQgZm9yIHN1cHBvcnRpbmcgdGhlIHJhcGlkLnBkZk8RArwAAAAAArwAAgAABk1vamF2ZQAAAAAAAAAAAAAAAAAAAAAAAAAAAAAAAABCRAAB/////x9EZXkgMjAwMSBBIGNvbmNlcHQjRkZGRkZGRkYucGRmAAAAAAAAAAAAAAAAAAAAAAAAAAAAAAAAAAAAAAAAAAD/////AAAAAAAAAAAAAAAAAAEAAwAACiBjdQAAAAAAAAAAAAAAAAAHU291cmNlcwAAAgCrLzpVc2VyczpmZWxpeGZvZXJ0c2NoOkRvY3VtZW50czpPcmdhbmlzYXRpb25lbjpVbmkgTGVpcGl6ZzpCYWNoZWxvcmFyYmVpdDpQdWJsaXNoZWQ6V29yazpTb3VyY2VzOkRleSAyMDAxIEEgY29uY2VwdHVhbCBmcmFtZXdvcmsgYW5kIGEgdG9vbGtpdCBmb3Igc3VwcG9ydGluZyB0aGUgcmFwaWQucGRmAAAOAJYASgBEAGUAeQAgADIAMAAwADEAIABBACAAYwBvAG4AYwBlAHAAdAB1AGEAbAAgAGYAcgBhAG0AZQB3AG8AcgBrACAAYQBuAGQAIABhACAAdABvAG8AbABrAGkAdAAgAGYAbwByACAAcwB1AHAAcABvAHIAdABpAG4AZwAgAHQAaABlACAAcgBhAHAAaQBkAC4AcABkAGYADwAOAAYATQBvAGoAYQB2AGUAEgCpVXNlcnMvZmVsaXhmb2VydHNjaC9Eb2N1bWVudHMvT3JnYW5pc2F0aW9uZW4vVW5pIExlaXBpemcvQmFjaGVsb3JhcmJlaXQvUHVibGlzaGVkL1dvcmsvU291cmNlcy9EZXkgMjAwMSBBIGNvbmNlcHR1YWwgZnJhbWV3b3JrIGFuZCBhIHRvb2xraXQgZm9yIHN1cHBvcnRpbmcgdGhlIHJhcGlkLnBkZgAAEwABLwAAFQACABT//wAAAAgADQAaACQAeQAAAAAAAAIBAAAAAAAAAAUAAAAAAAAAAAAAAAAAAAM5}}

@misc{hc-prozesshandbuch,
	Author = {Hanseatic Consulting Hamburg},
	Date-Added = {2020-05-01 18:38:30 +0200},
	Date-Modified = {2020-05-01 18:40:58 +0200},
	Howpublished = {Internes Dokument},
	Month = {05},
	Title = {Prozesshandbuch},
	Year = {2014},
	Bdsk-File-1 = {YnBsaXN0MDDSAQIDBFxyZWxhdGl2ZVBhdGhZYWxpYXNEYXRhXxA9U291cmNlcy9IYW1idXJnIDIwMTQgSGFuc2VhdGljIENvbnN1bHRpbmcgUHJvemVzc2hhbmRidWNoLnBkZk8RAmYAAAAAAmYAAgAABk1vamF2ZQAAAAAAAAAAAAAAAAAAAAAAAAAAAAAAAABCRAAB/////x9IYW1idXJnIDIwMTQgSGFuc2UjRkZGRkZGRkYucGRmAAAAAAAAAAAAAAAAAAAAAAAAAAAAAAAAAAAAAAAAAAD/////AAAAAAAAAAAAAAAAAAEAAwAACiBjdQAAAAAAAAAAAAAAAAAHU291cmNlcwAAAgCWLzpVc2VyczpmZWxpeGZvZXJ0c2NoOkRvY3VtZW50czpPcmdhbmlzYXRpb25lbjpVbmkgTGVpcGl6ZzpCYWNoZWxvcmFyYmVpdDpQdWJsaXNoZWQ6V29yazpTb3VyY2VzOkhhbWJ1cmcgMjAxNCBIYW5zZWF0aWMgQ29uc3VsdGluZyBQcm96ZXNzaGFuZGJ1Y2gucGRmAA4AbAA1AEgAYQBtAGIAdQByAGcAIAAyADAAMQA0ACAASABhAG4AcwBlAGEAdABpAGMAIABDAG8AbgBzAHUAbAB0AGkAbgBnACAAUAByAG8AegBlAHMAcwBoAGEAbgBkAGIAdQBjAGgALgBwAGQAZgAPAA4ABgBNAG8AagBhAHYAZQASAJRVc2Vycy9mZWxpeGZvZXJ0c2NoL0RvY3VtZW50cy9PcmdhbmlzYXRpb25lbi9VbmkgTGVpcGl6Zy9CYWNoZWxvcmFyYmVpdC9QdWJsaXNoZWQvV29yay9Tb3VyY2VzL0hhbWJ1cmcgMjAxNCBIYW5zZWF0aWMgQ29uc3VsdGluZyBQcm96ZXNzaGFuZGJ1Y2gucGRmABMAAS8AABUAAgAU//8AAAAIAA0AGgAkAGQAAAAAAAACAQAAAAAAAAAFAAAAAAAAAAAAAAAAAAACzg==}}

@article{smith2015basic,
	Author = {Smith, Barry and Almeida, Mauricio and Bona, Jonathan and Brochhausen, Mathias and Ceusters, Werner and Courtot, Melanie and Dipert, Randall and Goldfain, Albert and Grenon, Pierre and Hastings, Janna and others},
	Date-Added = {2020-05-01 13:05:39 +0200},
	Date-Modified = {2020-05-01 13:05:39 +0200},
	Journal = {Specification and User’s Guide},
	Title = {Basic formal ontology 2.0},
	Year = {2015},
	Bdsk-File-1 = {YnBsaXN0MDDSAQIDBFxyZWxhdGl2ZVBhdGhZYWxpYXNEYXRhXxAwU291cmNlcy9TbWl0aCAyMDE1IEJhc2ljIGZvcm1hbCBvbnRvbG9neSAyLjAucGRmTxECNAAAAAACNAACAAAGTW9qYXZlAAAAAAAAAAAAAAAAAAAAAAAAAAAAAAAAAEJEAAH/////H1NtaXRoIDIwMTUgQmFzaWMgZiNGRkZGRkZGRi5wZGYAAAAAAAAAAAAAAAAAAAAAAAAAAAAAAAAAAAAAAAAAAP////8AAAAAAAAAAAAAAAAAAQADAAAKIGN1AAAAAAAAAAAAAAAAAAdTb3VyY2VzAAACAIkvOlVzZXJzOmZlbGl4Zm9lcnRzY2g6RG9jdW1lbnRzOk9yZ2FuaXNhdGlvbmVuOlVuaSBMZWlwaXpnOkJhY2hlbG9yYXJiZWl0OlB1Ymxpc2hlZDpXb3JrOlNvdXJjZXM6U21pdGggMjAxNSBCYXNpYyBmb3JtYWwgb250b2xvZ3kgMi4wLnBkZgAADgBSACgAUwBtAGkAdABoACAAMgAwADEANQAgAEIAYQBzAGkAYwAgAGYAbwByAG0AYQBsACAAbwBuAHQAbwBsAG8AZwB5ACAAMgAuADAALgBwAGQAZgAPAA4ABgBNAG8AagBhAHYAZQASAIdVc2Vycy9mZWxpeGZvZXJ0c2NoL0RvY3VtZW50cy9PcmdhbmlzYXRpb25lbi9VbmkgTGVpcGl6Zy9CYWNoZWxvcmFyYmVpdC9QdWJsaXNoZWQvV29yay9Tb3VyY2VzL1NtaXRoIDIwMTUgQmFzaWMgZm9ybWFsIG9udG9sb2d5IDIuMC5wZGYAABMAAS8AABUAAgAU//8AAAAIAA0AGgAkAFcAAAAAAAACAQAAAAAAAAAFAAAAAAAAAAAAAAAAAAACjw==}}

@incollection{herre2010general,
	Author = {Herre, Heinrich},
	Booktitle = {Theory and applications of ontology: computer applications},
	Date-Added = {2020-05-01 13:01:26 +0200},
	Date-Modified = {2020-05-01 13:01:26 +0200},
	Pages = {297--345},
	Publisher = {Springer},
	Title = {General Formal Ontology (GFO): A foundational ontology for conceptual modelling},
	Year = {2010},
	Bdsk-File-1 = {YnBsaXN0MDDSAQIDBFxyZWxhdGl2ZVBhdGhZYWxpYXNEYXRhXxBDU291cmNlcy9IZXJyZSAyMDEwIEdlbmVyYWwgRm9ybWFsIE9udG9sb2d5IChHRk8pIEEgZm91bmRhdGlvbmFsLnBkZk8RAn4AAAAAAn4AAgAABk1vamF2ZQAAAAAAAAAAAAAAAAAAAAAAAAAAAAAAAABCRAAB/////x9IZXJyZSAyMDEwIEdlbmVyYWwjRkZGRkZGRkYucGRmAAAAAAAAAAAAAAAAAAAAAAAAAAAAAAAAAAAAAAAAAAD/////AAAAAAAAAAAAAAAAAAEAAwAACiBjdQAAAAAAAAAAAAAAAAAHU291cmNlcwAAAgCcLzpVc2VyczpmZWxpeGZvZXJ0c2NoOkRvY3VtZW50czpPcmdhbmlzYXRpb25lbjpVbmkgTGVpcGl6ZzpCYWNoZWxvcmFyYmVpdDpQdWJsaXNoZWQ6V29yazpTb3VyY2VzOkhlcnJlIDIwMTAgR2VuZXJhbCBGb3JtYWwgT250b2xvZ3kgKEdGTykgQSBmb3VuZGF0aW9uYWwucGRmAA4AeAA7AEgAZQByAHIAZQAgADIAMAAxADAAIABHAGUAbgBlAHIAYQBsACAARgBvAHIAbQBhAGwAIABPAG4AdABvAGwAbwBnAHkAIAAoAEcARgBPACkAIABBACAAZgBvAHUAbgBkAGEAdABpAG8AbgBhAGwALgBwAGQAZgAPAA4ABgBNAG8AagBhAHYAZQASAJpVc2Vycy9mZWxpeGZvZXJ0c2NoL0RvY3VtZW50cy9PcmdhbmlzYXRpb25lbi9VbmkgTGVpcGl6Zy9CYWNoZWxvcmFyYmVpdC9QdWJsaXNoZWQvV29yay9Tb3VyY2VzL0hlcnJlIDIwMTAgR2VuZXJhbCBGb3JtYWwgT250b2xvZ3kgKEdGTykgQSBmb3VuZGF0aW9uYWwucGRmABMAAS8AABUAAgAU//8AAAAIAA0AGgAkAGoAAAAAAAACAQAAAAAAAAAFAAAAAAAAAAAAAAAAAAAC7A==}}

@article{uschold1998enterprise,
	Author = {Uschold, Mike and King, Martin and Moralee, Stuart and Zorgios, Yannis},
	Date-Added = {2020-05-01 12:33:04 +0200},
	Date-Modified = {2020-05-01 12:33:04 +0200},
	Journal = {The knowledge engineering review},
	Number = {1},
	Pages = {31--89},
	Publisher = {Cambridge University Press},
	Title = {The enterprise ontology},
	Volume = {13},
	Year = {1998},
	Bdsk-File-1 = {YnBsaXN0MDDSAQIDBFxyZWxhdGl2ZVBhdGhZYWxpYXNEYXRhXxAwU291cmNlcy9Vc2Nob2xkIDE5OTggVGhlIGVudGVycHJpc2Ugb250b2xvZ3kucGRmTxECNAAAAAACNAACAAAGTW9qYXZlAAAAAAAAAAAAAAAAAAAAAAAAAAAAAAAAAEJEAAH/////H1VzY2hvbGQgMTk5OCBUaGUgZSNGRkZGRkZGRi5wZGYAAAAAAAAAAAAAAAAAAAAAAAAAAAAAAAAAAAAAAAAAAP////8AAAAAAAAAAAAAAAAAAQADAAAKIGN1AAAAAAAAAAAAAAAAAAdTb3VyY2VzAAACAIkvOlVzZXJzOmZlbGl4Zm9lcnRzY2g6RG9jdW1lbnRzOk9yZ2FuaXNhdGlvbmVuOlVuaSBMZWlwaXpnOkJhY2hlbG9yYXJiZWl0OlB1Ymxpc2hlZDpXb3JrOlNvdXJjZXM6VXNjaG9sZCAxOTk4IFRoZSBlbnRlcnByaXNlIG9udG9sb2d5LnBkZgAADgBSACgAVQBzAGMAaABvAGwAZAAgADEAOQA5ADgAIABUAGgAZQAgAGUAbgB0AGUAcgBwAHIAaQBzAGUAIABvAG4AdABvAGwAbwBnAHkALgBwAGQAZgAPAA4ABgBNAG8AagBhAHYAZQASAIdVc2Vycy9mZWxpeGZvZXJ0c2NoL0RvY3VtZW50cy9PcmdhbmlzYXRpb25lbi9VbmkgTGVpcGl6Zy9CYWNoZWxvcmFyYmVpdC9QdWJsaXNoZWQvV29yay9Tb3VyY2VzL1VzY2hvbGQgMTk5OCBUaGUgZW50ZXJwcmlzZSBvbnRvbG9neS5wZGYAABMAAS8AABUAAgAU//8AAAAIAA0AGgAkAFcAAAAAAAACAQAAAAAAAAAFAAAAAAAAAAAAAAAAAAACjw==}}

@inproceedings{moore2012intelligent,
	Author = {Moore, Philip and Pham, Hai V},
	Booktitle = {2012 Sixth International Conference on Complex, Intelligent, and Software Intensive Systems},
	Date-Added = {2020-04-30 14:19:43 +0200},
	Date-Modified = {2020-04-30 14:19:43 +0200},
	Organization = {IEEE},
	Pages = {977--982},
	Title = {Intelligent context with decision support under uncertainty},
	Year = {2012},
	Bdsk-File-1 = {YnBsaXN0MDDSAQIDBFxyZWxhdGl2ZVBhdGhZYWxpYXNEYXRhXxBAU291cmNlcy9Nb29yZSAyMDEyIEludGVsbGlnZW50IGNvbnRleHQgd2l0aCBkZWNpc2lvbiBzdXBwb3J0LnBkZk8RAnQAAAAAAnQAAgAABk1vamF2ZQAAAAAAAAAAAAAAAAAAAAAAAAAAAAAAAABCRAAB/////x9Nb29yZSAyMDEyIEludGVsbGkjRkZGRkZGRkYucGRmAAAAAAAAAAAAAAAAAAAAAAAAAAAAAAAAAAAAAAAAAAD/////AAAAAAAAAAAAAAAAAAEAAwAACiBjdQAAAAAAAAAAAAAAAAAHU291cmNlcwAAAgCZLzpVc2VyczpmZWxpeGZvZXJ0c2NoOkRvY3VtZW50czpPcmdhbmlzYXRpb25lbjpVbmkgTGVpcGl6ZzpCYWNoZWxvcmFyYmVpdDpQdWJsaXNoZWQ6V29yazpTb3VyY2VzOk1vb3JlIDIwMTIgSW50ZWxsaWdlbnQgY29udGV4dCB3aXRoIGRlY2lzaW9uIHN1cHBvcnQucGRmAAAOAHIAOABNAG8AbwByAGUAIAAyADAAMQAyACAASQBuAHQAZQBsAGwAaQBnAGUAbgB0ACAAYwBvAG4AdABlAHgAdAAgAHcAaQB0AGgAIABkAGUAYwBpAHMAaQBvAG4AIABzAHUAcABwAG8AcgB0AC4AcABkAGYADwAOAAYATQBvAGoAYQB2AGUAEgCXVXNlcnMvZmVsaXhmb2VydHNjaC9Eb2N1bWVudHMvT3JnYW5pc2F0aW9uZW4vVW5pIExlaXBpemcvQmFjaGVsb3JhcmJlaXQvUHVibGlzaGVkL1dvcmsvU291cmNlcy9Nb29yZSAyMDEyIEludGVsbGlnZW50IGNvbnRleHQgd2l0aCBkZWNpc2lvbiBzdXBwb3J0LnBkZgAAEwABLwAAFQACABT//wAAAAgADQAaACQAZwAAAAAAAAIBAAAAAAAAAAUAAAAAAAAAAAAAAAAAAALf}}

@inproceedings{moore2011towards,
	Author = {Moore, Philip and Evans, Cain and Pham, Hai V},
	Booktitle = {Web Information Systems Engineering--WISE 2011 and 2012 Workshops},
	Date-Added = {2020-04-30 13:44:43 +0200},
	Date-Modified = {2020-04-30 13:44:43 +0200},
	Organization = {Springer},
	Pages = {27--40},
	Title = {Towards integrating emotion into intelligent context},
	Year = {2011},
	Bdsk-File-1 = {YnBsaXN0MDDSAQIDBFxyZWxhdGl2ZVBhdGhZYWxpYXNEYXRhXxBDU291cmNlcy9Nb29yZSAyMDExIFRvd2FyZHMgaW50ZWdyYXRpbmcgZW1vdGlvbiBpbnRvIGludGVsbGlnZW50LnBkZk8RAn4AAAAAAn4AAgAABk1vamF2ZQAAAAAAAAAAAAAAAAAAAAAAAAAAAAAAAABCRAAB/////x9Nb29yZSAyMDExIFRvd2FyZHMjRkZGRkZGRkYucGRmAAAAAAAAAAAAAAAAAAAAAAAAAAAAAAAAAAAAAAAAAAD/////AAAAAAAAAAAAAAAAAAEAAwAACiBjdQAAAAAAAAAAAAAAAAAHU291cmNlcwAAAgCcLzpVc2VyczpmZWxpeGZvZXJ0c2NoOkRvY3VtZW50czpPcmdhbmlzYXRpb25lbjpVbmkgTGVpcGl6ZzpCYWNoZWxvcmFyYmVpdDpQdWJsaXNoZWQ6V29yazpTb3VyY2VzOk1vb3JlIDIwMTEgVG93YXJkcyBpbnRlZ3JhdGluZyBlbW90aW9uIGludG8gaW50ZWxsaWdlbnQucGRmAA4AeAA7AE0AbwBvAHIAZQAgADIAMAAxADEAIABUAG8AdwBhAHIAZABzACAAaQBuAHQAZQBnAHIAYQB0AGkAbgBnACAAZQBtAG8AdABpAG8AbgAgAGkAbgB0AG8AIABpAG4AdABlAGwAbABpAGcAZQBuAHQALgBwAGQAZgAPAA4ABgBNAG8AagBhAHYAZQASAJpVc2Vycy9mZWxpeGZvZXJ0c2NoL0RvY3VtZW50cy9PcmdhbmlzYXRpb25lbi9VbmkgTGVpcGl6Zy9CYWNoZWxvcmFyYmVpdC9QdWJsaXNoZWQvV29yay9Tb3VyY2VzL01vb3JlIDIwMTEgVG93YXJkcyBpbnRlZ3JhdGluZyBlbW90aW9uIGludG8gaW50ZWxsaWdlbnQucGRmABMAAS8AABUAAgAU//8AAAAIAA0AGgAkAGoAAAAAAAACAQAAAAAAAAAFAAAAAAAAAAAAAAAAAAAC7A==}}

@inproceedings{moore2015context,
	Author = {Moore, Philip and Van Pham, Hai},
	Booktitle = {2015 IEEE 29th International Conference on Advanced Information Networking and Applications Workshops},
	Date-Added = {2020-04-30 13:29:24 +0200},
	Date-Modified = {2020-04-30 13:29:24 +0200},
	Organization = {IEEE},
	Pages = {387--392},
	Title = {On context and the open world assumption},
	Year = {2015},
	Bdsk-File-1 = {YnBsaXN0MDDSAQIDBFxyZWxhdGl2ZVBhdGhZYWxpYXNEYXRhXxA/U291cmNlcy9Nb29yZSAyMDE1IE9uIGNvbnRleHQgYW5kIHRoZSBvcGVuIHdvcmxkIGFzc3VtcHRpb24ucGRmTxECbgAAAAACbgACAAAGTW9qYXZlAAAAAAAAAAAAAAAAAAAAAAAAAAAAAAAAAEJEAAH/////H01vb3JlIDIwMTUgT24gY29udCNGRkZGRkZGRi5wZGYAAAAAAAAAAAAAAAAAAAAAAAAAAAAAAAAAAAAAAAAAAP////8AAAAAAAAAAAAAAAAAAQADAAAKIGN1AAAAAAAAAAAAAAAAAAdTb3VyY2VzAAACAJgvOlVzZXJzOmZlbGl4Zm9lcnRzY2g6RG9jdW1lbnRzOk9yZ2FuaXNhdGlvbmVuOlVuaSBMZWlwaXpnOkJhY2hlbG9yYXJiZWl0OlB1Ymxpc2hlZDpXb3JrOlNvdXJjZXM6TW9vcmUgMjAxNSBPbiBjb250ZXh0IGFuZCB0aGUgb3BlbiB3b3JsZCBhc3N1bXB0aW9uLnBkZgAOAHAANwBNAG8AbwByAGUAIAAyADAAMQA1ACAATwBuACAAYwBvAG4AdABlAHgAdAAgAGEAbgBkACAAdABoAGUAIABvAHAAZQBuACAAdwBvAHIAbABkACAAYQBzAHMAdQBtAHAAdABpAG8AbgAuAHAAZABmAA8ADgAGAE0AbwBqAGEAdgBlABIAllVzZXJzL2ZlbGl4Zm9lcnRzY2gvRG9jdW1lbnRzL09yZ2FuaXNhdGlvbmVuL1VuaSBMZWlwaXpnL0JhY2hlbG9yYXJiZWl0L1B1Ymxpc2hlZC9Xb3JrL1NvdXJjZXMvTW9vcmUgMjAxNSBPbiBjb250ZXh0IGFuZCB0aGUgb3BlbiB3b3JsZCBhc3N1bXB0aW9uLnBkZgATAAEvAAAVAAIAFP//AAAACAANABoAJABmAAAAAAAAAgEAAAAAAAAABQAAAAAAAAAAAAAAAAAAAtg=}}

@misc{w3c-owl-guide,
	Author = {Michael K. Smith and Chris Welty and Deborah L. McGuinness},
	Date-Added = {2020-04-20 10:10:45 +0200},
	Date-Modified = {2020-05-01 13:35:12 +0200},
	Lastchecked = {2020-04-20},
	Month = {02},
	Title = {OWL Web Ontology Language Guide},
	Url = {https://www.w3.org/TR/owl-guide/},
	Year = {2004},
	Bdsk-Url-1 = {https://www.w3.org/TR/owl-guide/}}

@article{Jean_2007,
	Author = {Jean, Stéphane and Pierra, Guy and Ait-Ameur, Yamine},
	Date-Added = {2020-04-19 19:10:45 +0200},
	Date-Modified = {2020-04-19 19:10:45 +0200},
	Doi = {10.1007/978-3-540-74063-6_19},
	Isbn = {9783540740636},
	Issn = {1865-1348},
	Journal = {Web Information Systems and Technologies},
	Pages = {238--254},
	Publisher = {Springer Berlin Heidelberg},
	Title = {Domain Ontologies: A Database-Oriented Analysis},
	Url = {http://dx.doi.org/10.1007/978-3-540-74063-6_19},
	Year = {2007},
	Bdsk-File-1 = {YnBsaXN0MDDSAQIDBFxyZWxhdGl2ZVBhdGhZYWxpYXNEYXRhXxBEU291cmNlcy9KZWFuIDIwMDcgRG9tYWluIE9udG9sb2dpZXMgQSBEYXRhYmFzZS1PcmllbnRlZCBBbmFseXNpcy5wZGZPEQKEAAAAAAKEAAIAAAZNb2phdmUAAAAAAAAAAAAAAAAAAAAAAAAAAAAAAAAAQkQAAf////8fSmVhbiAyMDA3IERvbWFpbiBPI0ZGRkZGRkZGLnBkZgAAAAAAAAAAAAAAAAAAAAAAAAAAAAAAAAAAAAAAAAAA/////wAAAAAAAAAAAAAAAAABAAMAAAogY3UAAAAAAAAAAAAAAAAAB1NvdXJjZXMAAAIAnS86VXNlcnM6ZmVsaXhmb2VydHNjaDpEb2N1bWVudHM6T3JnYW5pc2F0aW9uZW46VW5pIExlaXBpemc6QmFjaGVsb3JhcmJlaXQ6UHVibGlzaGVkOldvcms6U291cmNlczpKZWFuIDIwMDcgRG9tYWluIE9udG9sb2dpZXMgQSBEYXRhYmFzZS1PcmllbnRlZCBBbmFseXNpcy5wZGYAAA4AegA8AEoAZQBhAG4AIAAyADAAMAA3ACAARABvAG0AYQBpAG4AIABPAG4AdABvAGwAbwBnAGkAZQBzACAAQQAgAEQAYQB0AGEAYgBhAHMAZQAtAE8AcgBpAGUAbgB0AGUAZAAgAEEAbgBhAGwAeQBzAGkAcwAuAHAAZABmAA8ADgAGAE0AbwBqAGEAdgBlABIAm1VzZXJzL2ZlbGl4Zm9lcnRzY2gvRG9jdW1lbnRzL09yZ2FuaXNhdGlvbmVuL1VuaSBMZWlwaXpnL0JhY2hlbG9yYXJiZWl0L1B1Ymxpc2hlZC9Xb3JrL1NvdXJjZXMvSmVhbiAyMDA3IERvbWFpbiBPbnRvbG9naWVzIEEgRGF0YWJhc2UtT3JpZW50ZWQgQW5hbHlzaXMucGRmAAATAAEvAAAVAAIAFP//AAAACAANABoAJABrAAAAAAAAAgEAAAAAAAAABQAAAAAAAAAAAAAAAAAAAvM=}}

@article{gruber1993translation,
	Author = {Gruber, Thomas R and others},
	Date-Added = {2020-04-15 15:27:52 +0200},
	Date-Modified = {2020-04-15 15:27:52 +0200},
	Journal = {Knowledge acquisition},
	Number = {2},
	Pages = {199--221},
	Publisher = {Academic Press},
	Title = {A translation approach to portable ontology specifications},
	Volume = {5},
	Year = {1993},
	Bdsk-File-1 = {YnBsaXN0MDDSAQIDBFxyZWxhdGl2ZVBhdGhZYWxpYXNEYXRhXxBSU291cmNlcy9HcnViZXIgMTk5MyBBIHRyYW5zbGF0aW9uIGFwcHJvYWNoIHRvIHBvcnRhYmxlIG9udG9sb2d5IHNwZWNpZmljYXRpb25zLnBkZk8RArwAAAAAArwAAgAABk1vamF2ZQAAAAAAAAAAAAAAAAAAAAAAAAAAAAAAAABCRAAB/////x9HcnViZXIgMTk5MyBBIHRyYW4jRkZGRkZGRkYucGRmAAAAAAAAAAAAAAAAAAAAAAAAAAAAAAAAAAAAAAAAAAD/////AAAAAAAAAAAAAAAAAAEAAwAACiBjdQAAAAAAAAAAAAAAAAAHU291cmNlcwAAAgCrLzpVc2VyczpmZWxpeGZvZXJ0c2NoOkRvY3VtZW50czpPcmdhbmlzYXRpb25lbjpVbmkgTGVpcGl6ZzpCYWNoZWxvcmFyYmVpdDpQdWJsaXNoZWQ6V29yazpTb3VyY2VzOkdydWJlciAxOTkzIEEgdHJhbnNsYXRpb24gYXBwcm9hY2ggdG8gcG9ydGFibGUgb250b2xvZ3kgc3BlY2lmaWNhdGlvbnMucGRmAAAOAJYASgBHAHIAdQBiAGUAcgAgADEAOQA5ADMAIABBACAAdAByAGEAbgBzAGwAYQB0AGkAbwBuACAAYQBwAHAAcgBvAGEAYwBoACAAdABvACAAcABvAHIAdABhAGIAbABlACAAbwBuAHQAbwBsAG8AZwB5ACAAcwBwAGUAYwBpAGYAaQBjAGEAdABpAG8AbgBzAC4AcABkAGYADwAOAAYATQBvAGoAYQB2AGUAEgCpVXNlcnMvZmVsaXhmb2VydHNjaC9Eb2N1bWVudHMvT3JnYW5pc2F0aW9uZW4vVW5pIExlaXBpemcvQmFjaGVsb3JhcmJlaXQvUHVibGlzaGVkL1dvcmsvU291cmNlcy9HcnViZXIgMTk5MyBBIHRyYW5zbGF0aW9uIGFwcHJvYWNoIHRvIHBvcnRhYmxlIG9udG9sb2d5IHNwZWNpZmljYXRpb25zLnBkZgAAEwABLwAAFQACABT//wAAAAgADQAaACQAeQAAAAAAAAIBAAAAAAAAAAUAAAAAAAAAAAAAAAAAAAM5}}

@techreport{schulz2012guideline,
	Author = {Schulz, S and Grewe, N and Röhl, J and Schober, D and Boeker, M and Jansen, L},
	Date-Added = {2020-04-14 19:59:24 +0200},
	Date-Modified = {2020-04-14 20:01:38 +0200},
	Institution = {Technical Report December, Universität Rostock. 2012.},
	Title = {Guideline on developing good ontologies in the biomedical domain with description logics},
	Year = {2012},
	Bdsk-File-1 = {YnBsaXN0MDDSAQIDBFxyZWxhdGl2ZVBhdGhZYWxpYXNEYXRhXxBRU291cmNlcy9TY2h1bHogMjAxMiBHdWlkZWxpbmUgb24gZGV2ZWxvcGluZyBnb29kIG9udG9sb2dpZXMgaW4gdGhlIGJpb21lZGljYWwucGRmTxECtgAAAAACtgACAAAGTW9qYXZlAAAAAAAAAAAAAAAAAAAAAAAAAAAAAAAAAEJEAAH/////H1NjaHVseiAyMDEyIEd1aWRlbCNGRkZGRkZGRi5wZGYAAAAAAAAAAAAAAAAAAAAAAAAAAAAAAAAAAAAAAAAAAP////8AAAAAAAAAAAAAAAAAAQADAAAKIGN1AAAAAAAAAAAAAAAAAAdTb3VyY2VzAAACAKovOlVzZXJzOmZlbGl4Zm9lcnRzY2g6RG9jdW1lbnRzOk9yZ2FuaXNhdGlvbmVuOlVuaSBMZWlwaXpnOkJhY2hlbG9yYXJiZWl0OlB1Ymxpc2hlZDpXb3JrOlNvdXJjZXM6U2NodWx6IDIwMTIgR3VpZGVsaW5lIG9uIGRldmVsb3BpbmcgZ29vZCBvbnRvbG9naWVzIGluIHRoZSBiaW9tZWRpY2FsLnBkZgAOAJQASQBTAGMAaAB1AGwAegAgADIAMAAxADIAIABHAHUAaQBkAGUAbABpAG4AZQAgAG8AbgAgAGQAZQB2AGUAbABvAHAAaQBuAGcAIABnAG8AbwBkACAAbwBuAHQAbwBsAG8AZwBpAGUAcwAgAGkAbgAgAHQAaABlACAAYgBpAG8AbQBlAGQAaQBjAGEAbAAuAHAAZABmAA8ADgAGAE0AbwBqAGEAdgBlABIAqFVzZXJzL2ZlbGl4Zm9lcnRzY2gvRG9jdW1lbnRzL09yZ2FuaXNhdGlvbmVuL1VuaSBMZWlwaXpnL0JhY2hlbG9yYXJiZWl0L1B1Ymxpc2hlZC9Xb3JrL1NvdXJjZXMvU2NodWx6IDIwMTIgR3VpZGVsaW5lIG9uIGRldmVsb3BpbmcgZ29vZCBvbnRvbG9naWVzIGluIHRoZSBiaW9tZWRpY2FsLnBkZgATAAEvAAAVAAIAFP//AAAACAANABoAJAB4AAAAAAAAAgEAAAAAAAAABQAAAAAAAAAAAAAAAAAAAzI=}}

@article{fitsilis2014ontologies,
	Author = {Fitsilis, Panos and Gerogiannis, Vassilis and Anthopoulos, Leonidas and others},
	Date-Added = {2020-04-14 19:44:57 +0200},
	Date-Modified = {2020-04-14 19:44:57 +0200},
	Journal = {Journal of Software Engineering and Applications},
	Number = {13},
	Pages = {1096},
	Publisher = {Scientific Research Publishing},
	Title = {Ontologies for software project management: a review},
	Volume = {7},
	Year = {2014},
	Bdsk-File-1 = {YnBsaXN0MDDSAQIDBFxyZWxhdGl2ZVBhdGhZYWxpYXNEYXRhXxBNU291cmNlcy9GaXRzaWxpcyAyMDE0IE9udG9sb2dpZXMgZm9yIHNvZnR3YXJlIHByb2plY3QgbWFuYWdlbWVudCBhIHJldmlldy5wZGZPEQKmAAAAAAKmAAIAAAZNb2phdmUAAAAAAAAAAAAAAAAAAAAAAAAAAAAAAAAAQkQAAf////8fRml0c2lsaXMgMjAxNCBPbnRvI0ZGRkZGRkZGLnBkZgAAAAAAAAAAAAAAAAAAAAAAAAAAAAAAAAAAAAAAAAAA/////wAAAAAAAAAAAAAAAAABAAMAAAogY3UAAAAAAAAAAAAAAAAAB1NvdXJjZXMAAAIApi86VXNlcnM6ZmVsaXhmb2VydHNjaDpEb2N1bWVudHM6T3JnYW5pc2F0aW9uZW46VW5pIExlaXBpemc6QmFjaGVsb3JhcmJlaXQ6UHVibGlzaGVkOldvcms6U291cmNlczpGaXRzaWxpcyAyMDE0IE9udG9sb2dpZXMgZm9yIHNvZnR3YXJlIHByb2plY3QgbWFuYWdlbWVudCBhIHJldmlldy5wZGYADgCMAEUARgBpAHQAcwBpAGwAaQBzACAAMgAwADEANAAgAE8AbgB0AG8AbABvAGcAaQBlAHMAIABmAG8AcgAgAHMAbwBmAHQAdwBhAHIAZQAgAHAAcgBvAGoAZQBjAHQAIABtAGEAbgBhAGcAZQBtAGUAbgB0ACAAYQAgAHIAZQB2AGkAZQB3AC4AcABkAGYADwAOAAYATQBvAGoAYQB2AGUAEgCkVXNlcnMvZmVsaXhmb2VydHNjaC9Eb2N1bWVudHMvT3JnYW5pc2F0aW9uZW4vVW5pIExlaXBpemcvQmFjaGVsb3JhcmJlaXQvUHVibGlzaGVkL1dvcmsvU291cmNlcy9GaXRzaWxpcyAyMDE0IE9udG9sb2dpZXMgZm9yIHNvZnR3YXJlIHByb2plY3QgbWFuYWdlbWVudCBhIHJldmlldy5wZGYAEwABLwAAFQACABT//wAAAAgADQAaACQAdAAAAAAAAAIBAAAAAAAAAAUAAAAAAAAAAAAAAAAAAAMe}}

@misc{mw-dictionary,
	Author = {Merriam-Webster.com},
	Date-Added = {2020-04-11 13:23:35 +0200},
	Date-Modified = {2020-05-01 13:35:01 +0200},
	Lastchecked = {2020-04-11},
	Title = {Dictionary},
	Url = {https://www.merriam-webster.com/dictionary/},
	Bdsk-Url-1 = {https://www.merriam-webster.com/dictionary/vocabulary}}

@book{Gomez-Perez:2004aa,
	Author = {Asunción Gómez-Pérez and Mariano Fernández-López and Oscar Corcho},
	Date-Added = {2020-04-06 12:30:09 +0200},
	Date-Modified = {2020-04-20 10:22:15 +0200},
	Isbn = {1-85233-551-3},
	Publisher = {Springer},
	Title = {Ontological Engineering - with examples from the areas of Knowledge Management, e-Commerce and the Semantic Web},
	Year = {2004},
	Bdsk-File-1 = {YnBsaXN0MDDSAQIDBFxyZWxhdGl2ZVBhdGhZYWxpYXNEYXRhbxBLAFMAbwB1AHIAYwBlAHMALwBHAG8DAQBtAGUAegAtAFAAZQMBAHIAZQB6ACAAMgAwADAANAAgAE8AbgB0AG8AbABvAGcAaQBjAGEAbAAgAEUAbgBnAGkAbgBlAGUAcgBpAG4AZwAgAC0AIAB3AGkAdABoACAAZQB4AGEAbQBwAGwAZQBzACAAZgByAG8AbQAuAHAAZABmTxECogAAAAACogACAAAGTW9qYXZlAAAAAAAAAAAAAAAAAAAAAAAAAAAAAAAAAEJEAAH/////H0eXbWV6LVCOcmV6IDIwMDQgTyNGRkZGRkZGRi5wZGYAAAAAAAAAAAAAAAAAAAAAAAAAAAAAAAAAAAAAAAAAAP////8AAAAAAAAAAAAAAAAAAQADAAAKIGN1AAAAAAAAAAAAAAAAAAdTb3VyY2VzAAACAKYvOlVzZXJzOmZlbGl4Zm9lcnRzY2g6RG9jdW1lbnRzOk9yZ2FuaXNhdGlvbmVuOlVuaSBMZWlwaXpnOkJhY2hlbG9yYXJiZWl0OlB1Ymxpc2hlZDpXb3JrOlNvdXJjZXM6R2/MgW1lei1QZcyBcmV6IDIwMDQgT250b2xvZ2ljYWwgRW5naW5lZXJpbmcgLSB3aXRoIGV4YW1wbGVzIGZyb20ucGRmAA4AiABDAEcAbwMBAG0AZQB6AC0AUABlAwEAcgBlAHoAIAAyADAAMAA0ACAATwBuAHQAbwBsAG8AZwBpAGMAYQBsACAARQBuAGcAaQBuAGUAZQByAGkAbgBnACAALQAgAHcAaQB0AGgAIABlAHgAYQBtAHAAbABlAHMAIABmAHIAbwBtAC4AcABkAGYADwAOAAYATQBvAGoAYQB2AGUAEgCkVXNlcnMvZmVsaXhmb2VydHNjaC9Eb2N1bWVudHMvT3JnYW5pc2F0aW9uZW4vVW5pIExlaXBpemcvQmFjaGVsb3JhcmJlaXQvUHVibGlzaGVkL1dvcmsvU291cmNlcy9Hb8yBbWV6LVBlzIFyZXogMjAwNCBPbnRvbG9naWNhbCBFbmdpbmVlcmluZyAtIHdpdGggZXhhbXBsZXMgZnJvbS5wZGYAEwABLwAAFQACABT//wAAAAgADQAaACQAvQAAAAAAAAIBAAAAAAAAAAUAAAAAAAAAAAAAAAAAAANj}}

@book{iso-9000-2015,
	Address = {[Geneva]},
	Author = {ISO},
	Date-Added = {2020-04-04 16:21:26 +0200},
	Date-Modified = {2020-05-01 13:24:51 +0200},
	Edition = {4th edition},
	Publisher = {ISO Copyright office},
	Title = {Quality management systems - fundamentals and vocabulary (ISO 9000:2015).},
	Year = {2015},
	Bdsk-File-1 = {YnBsaXN0MDDSAQIDBFxyZWxhdGl2ZVBhdGhZYWxpYXNEYXRhXxBNU291cmNlcy9JU08gMjAxNSBRdWFsaXR5IG1hbmFnZW1lbnQgc3lzdGVtcyAtIGZ1bmRhbWVudGFscyBhbmQgdm9jYWJ1bGFyeS5wZGZPEQKmAAAAAAKmAAIAAAZNb2phdmUAAAAAAAAAAAAAAAAAAAAAAAAAAAAAAAAAQkQAAf////8fSVNPIDIwMTUgUXVhbGl0eSBtI0ZGRkZGRkZGLnBkZgAAAAAAAAAAAAAAAAAAAAAAAAAAAAAAAAAAAAAAAAAA/////wAAAAAAAAAAAAAAAAABAAMAAAogY3UAAAAAAAAAAAAAAAAAB1NvdXJjZXMAAAIApi86VXNlcnM6ZmVsaXhmb2VydHNjaDpEb2N1bWVudHM6T3JnYW5pc2F0aW9uZW46VW5pIExlaXBpemc6QmFjaGVsb3JhcmJlaXQ6UHVibGlzaGVkOldvcms6U291cmNlczpJU08gMjAxNSBRdWFsaXR5IG1hbmFnZW1lbnQgc3lzdGVtcyAtIGZ1bmRhbWVudGFscyBhbmQgdm9jYWJ1bGFyeS5wZGYADgCMAEUASQBTAE8AIAAyADAAMQA1ACAAUQB1AGEAbABpAHQAeQAgAG0AYQBuAGEAZwBlAG0AZQBuAHQAIABzAHkAcwB0AGUAbQBzACAALQAgAGYAdQBuAGQAYQBtAGUAbgB0AGEAbABzACAAYQBuAGQAIAB2AG8AYwBhAGIAdQBsAGEAcgB5AC4AcABkAGYADwAOAAYATQBvAGoAYQB2AGUAEgCkVXNlcnMvZmVsaXhmb2VydHNjaC9Eb2N1bWVudHMvT3JnYW5pc2F0aW9uZW4vVW5pIExlaXBpemcvQmFjaGVsb3JhcmJlaXQvUHVibGlzaGVkL1dvcmsvU291cmNlcy9JU08gMjAxNSBRdWFsaXR5IG1hbmFnZW1lbnQgc3lzdGVtcyAtIGZ1bmRhbWVudGFscyBhbmQgdm9jYWJ1bGFyeS5wZGYAEwABLwAAFQACABT//wAAAAgADQAaACQAdAAAAAAAAAIBAAAAAAAAAAUAAAAAAAAAAAAAAAAAAAMe}}

@inproceedings{2014foisbpmn,
	Author = {Marco Rospocher and Chiara Ghidini and Luciano Serafini},
	Bibsource = {dblp computer science bibliography, http://dblp.org},
	Biburl = {http://dblp.uni-trier.de/rec/bib/conf/fois/RospocherGS14},
	Booktitle = {Formal Ontology in Information Systems - Proceedings of the Eighth International Conference, FOIS2014, September, 22-25, 2014, Rio de Janeiro, Brazil},
	Date-Added = {2020-03-19 16:46:00 +0100},
	Date-Modified = {2014-09-25 10:44:08 +0000},
	Doi = {10.3233/978-1-61499-438-1-133},
	Editor = {Pawel Garbacz and Oliver Kutz},
	Pages = {133--146},
	Publisher = {{IOS} Press},
	Timestamp = {Thu, 25 Sep 2014 12:02:17 +0200},
	Title = {An ontology for the Business Process Modelling Notation},
	Url = {http://dx.doi.org/10.3233/978-1-61499-438-1-133},
	Volume = {267},
	Year = {2014},
	Bdsk-File-1 = {YnBsaXN0MDDSAQIDBFxyZWxhdGl2ZVBhdGhZYWxpYXNEYXRhXxBSU291cmNlcy9Sb3Nwb2NoZXIgMjAxNCBBbiBvbnRvbG9neSBmb3IgdGhlIEJ1c2luZXNzIFByb2Nlc3MgTW9kZWxsaW5nIE5vdGF0aW9uLnBkZk8RArwAAAAAArwAAgAABk1vamF2ZQAAAAAAAAAAAAAAAAAAAAAAAAAAAAAAAABCRAAB/////x9Sb3Nwb2NoZXIgMjAxNCBBbiAjRkZGRkZGRkYucGRmAAAAAAAAAAAAAAAAAAAAAAAAAAAAAAAAAAAAAAAAAAD/////AAAAAAAAAAAAAAAAAAEAAwAACiBjdQAAAAAAAAAAAAAAAAAHU291cmNlcwAAAgCrLzpVc2VyczpmZWxpeGZvZXJ0c2NoOkRvY3VtZW50czpPcmdhbmlzYXRpb25lbjpVbmkgTGVpcGl6ZzpCYWNoZWxvcmFyYmVpdDpQdWJsaXNoZWQ6V29yazpTb3VyY2VzOlJvc3BvY2hlciAyMDE0IEFuIG9udG9sb2d5IGZvciB0aGUgQnVzaW5lc3MgUHJvY2VzcyBNb2RlbGxpbmcgTm90YXRpb24ucGRmAAAOAJYASgBSAG8AcwBwAG8AYwBoAGUAcgAgADIAMAAxADQAIABBAG4AIABvAG4AdABvAGwAbwBnAHkAIABmAG8AcgAgAHQAaABlACAAQgB1AHMAaQBuAGUAcwBzACAAUAByAG8AYwBlAHMAcwAgAE0AbwBkAGUAbABsAGkAbgBnACAATgBvAHQAYQB0AGkAbwBuAC4AcABkAGYADwAOAAYATQBvAGoAYQB2AGUAEgCpVXNlcnMvZmVsaXhmb2VydHNjaC9Eb2N1bWVudHMvT3JnYW5pc2F0aW9uZW4vVW5pIExlaXBpemcvQmFjaGVsb3JhcmJlaXQvUHVibGlzaGVkL1dvcmsvU291cmNlcy9Sb3Nwb2NoZXIgMjAxNCBBbiBvbnRvbG9neSBmb3IgdGhlIEJ1c2luZXNzIFByb2Nlc3MgTW9kZWxsaW5nIE5vdGF0aW9uLnBkZgAAEwABLwAAFQACABT//wAAAAgADQAaACQAeQAAAAAAAAIBAAAAAAAAAAUAAAAAAAAAAAAAAAAAAAM5}}

@misc{schema-mission,
	Author = {Schema.org},
	Date-Added = {2020-03-16 18:33:46 +0100},
	Date-Modified = {2020-05-01 13:34:52 +0200},
	Title = {About Schema.org},
	Url = {https://schema.org/docs/about.html},
	Urldate = {2020-03-16},
	Bdsk-Url-1 = {https://schema.org/docs/about.html}}

@misc{iso-process-approach,
	Author = {ISO},
	Date-Added = {2020-03-10 14:48:26 +0100},
	Date-Modified = {2020-05-01 13:34:39 +0200},
	Howpublished = {online},
	Title = {The Process Approach in ISO 9001:2015 (ISO/TC 176/SC 2/N1289)},
	Urldate = {2020-03-10},
	Year = {2015},
	Bdsk-File-1 = {YnBsaXN0MDDSAQIDBFxyZWxhdGl2ZVBhdGhZYWxpYXNEYXRhXxBIU291cmNlcy9JU08gMjAxNSBUaGUgUHJvY2VzcyBBcHByb2FjaCBpbiBJU08gOTAwMTIwMTUgKElTTy1UQyAxNzYtU0MucGRmTxEClAAAAAAClAACAAAGTW9qYXZlAAAAAAAAAAAAAAAAAAAAAAAAAAAAAAAAAEJEAAH/////H0lTTyAyMDE1IFRoZSBQcm9jZSNGRkZGRkZGRi5wZGYAAAAAAAAAAAAAAAAAAAAAAAAAAAAAAAAAAAAAAAAAAP////8AAAAAAAAAAAAAAAAAAQADAAAKIGN1AAAAAAAAAAAAAAAAAAdTb3VyY2VzAAACAKEvOlVzZXJzOmZlbGl4Zm9lcnRzY2g6RG9jdW1lbnRzOk9yZ2FuaXNhdGlvbmVuOlVuaSBMZWlwaXpnOkJhY2hlbG9yYXJiZWl0OlB1Ymxpc2hlZDpXb3JrOlNvdXJjZXM6SVNPIDIwMTUgVGhlIFByb2Nlc3MgQXBwcm9hY2ggaW4gSVNPIDkwMDEyMDE1IChJU08tVEMgMTc2LVNDLnBkZgAADgCCAEAASQBTAE8AIAAyADAAMQA1ACAAVABoAGUAIABQAHIAbwBjAGUAcwBzACAAQQBwAHAAcgBvAGEAYwBoACAAaQBuACAASQBTAE8AIAA5ADAAMAAxADIAMAAxADUAIAAoAEkAUwBPAC0AVABDACAAMQA3ADYALQBTAEMALgBwAGQAZgAPAA4ABgBNAG8AagBhAHYAZQASAJ9Vc2Vycy9mZWxpeGZvZXJ0c2NoL0RvY3VtZW50cy9PcmdhbmlzYXRpb25lbi9VbmkgTGVpcGl6Zy9CYWNoZWxvcmFyYmVpdC9QdWJsaXNoZWQvV29yay9Tb3VyY2VzL0lTTyAyMDE1IFRoZSBQcm9jZXNzIEFwcHJvYWNoIGluIElTTyA5MDAxMjAxNSAoSVNPLVRDIDE3Ni1TQy5wZGYAABMAAS8AABUAAgAU//8AAAAIAA0AGgAkAG8AAAAAAAACAQAAAAAAAAAFAAAAAAAAAAAAAAAAAAADBw==}}

@book{Weske:2019aa,
	Author = {Mathias Weske},
	Date-Added = {2020-03-09 13:24:59 +0100},
	Date-Modified = {2020-03-09 13:27:24 +0100},
	Isbn = {978-3-662-59432-2},
	Publisher = {Springer},
	Title = {Business Process Management : Concepts, Languages, Architectures},
	Year = {2019},
	Bdsk-File-1 = {YnBsaXN0MDDSAQIDBFxyZWxhdGl2ZVBhdGhZYWxpYXNEYXRhXxBIU291cmNlcy9XZXNrZSAyMDE5IEJ1c2luZXNzIFByb2Nlc3MgTWFuYWdlbWVudCAgQ29uY2VwdHMsIExhbmd1YWdlcywucGRmTxEClAAAAAAClAACAAAGTW9qYXZlAAAAAAAAAAAAAAAAAAAAAAAAAAAAAAAAAEJEAAH/////H1dlc2tlIDIwMTkgQnVzaW5lcyNGRkZGRkZGRi5wZGYAAAAAAAAAAAAAAAAAAAAAAAAAAAAAAAAAAAAAAAAAAP////8AAAAAAAAAAAAAAAAAAQADAAAKIGN1AAAAAAAAAAAAAAAAAAdTb3VyY2VzAAACAKEvOlVzZXJzOmZlbGl4Zm9lcnRzY2g6RG9jdW1lbnRzOk9yZ2FuaXNhdGlvbmVuOlVuaSBMZWlwaXpnOkJhY2hlbG9yYXJiZWl0OlB1Ymxpc2hlZDpXb3JrOlNvdXJjZXM6V2Vza2UgMjAxOSBCdXNpbmVzcyBQcm9jZXNzIE1hbmFnZW1lbnQgIENvbmNlcHRzLCBMYW5ndWFnZXMsLnBkZgAADgCCAEAAVwBlAHMAawBlACAAMgAwADEAOQAgAEIAdQBzAGkAbgBlAHMAcwAgAFAAcgBvAGMAZQBzAHMAIABNAGEAbgBhAGcAZQBtAGUAbgB0ACAAIABDAG8AbgBjAGUAcAB0AHMALAAgAEwAYQBuAGcAdQBhAGcAZQBzACwALgBwAGQAZgAPAA4ABgBNAG8AagBhAHYAZQASAJ9Vc2Vycy9mZWxpeGZvZXJ0c2NoL0RvY3VtZW50cy9PcmdhbmlzYXRpb25lbi9VbmkgTGVpcGl6Zy9CYWNoZWxvcmFyYmVpdC9QdWJsaXNoZWQvV29yay9Tb3VyY2VzL1dlc2tlIDIwMTkgQnVzaW5lc3MgUHJvY2VzcyBNYW5hZ2VtZW50ICBDb25jZXB0cywgTGFuZ3VhZ2VzLC5wZGYAABMAAS8AABUAAgAU//8AAAAIAA0AGgAkAG8AAAAAAAACAQAAAAAAAAAFAAAAAAAAAAAAAAAAAAADBw==}}

@book{stuckenschmidt2010ontologien,
	Author = {Stuckenschmidt, Heiner},
	Date-Added = {2020-03-07 17:07:49 +0100},
	Date-Modified = {2020-03-07 17:10:59 +0100},
	Isbn = {978-3-642-05403-7},
	Publisher = {Springer},
	Title = {Ontologien: Konzepte, Technologien und Anwendungen},
	Year = {2010},
	Bdsk-File-1 = {YnBsaXN0MDDSAQIDBFxyZWxhdGl2ZVBhdGhZYWxpYXNEYXRhXxBRU291cmNlcy9TdHVja2Vuc2NobWlkdCAyMDEwIE9udG9sb2dpZW4gS29uemVwdGUsIFRlY2hub2xvZ2llbiB1bmQgQW53ZW5kdW5nZW4ucGRmTxECtgAAAAACtgACAAAGTW9qYXZlAAAAAAAAAAAAAAAAAAAAAAAAAAAAAAAAAEJEAAH/////H1N0dWNrZW5zY2htaWR0IDIwMSNGRkZGRkZGRi5wZGYAAAAAAAAAAAAAAAAAAAAAAAAAAAAAAAAAAAAAAAAAAP////8AAAAAAAAAAAAAAAAAAQADAAAKIGN1AAAAAAAAAAAAAAAAAAdTb3VyY2VzAAACAKovOlVzZXJzOmZlbGl4Zm9lcnRzY2g6RG9jdW1lbnRzOk9yZ2FuaXNhdGlvbmVuOlVuaSBMZWlwaXpnOkJhY2hlbG9yYXJiZWl0OlB1Ymxpc2hlZDpXb3JrOlNvdXJjZXM6U3R1Y2tlbnNjaG1pZHQgMjAxMCBPbnRvbG9naWVuIEtvbnplcHRlLCBUZWNobm9sb2dpZW4gdW5kIEFud2VuZHVuZ2VuLnBkZgAOAJQASQBTAHQAdQBjAGsAZQBuAHMAYwBoAG0AaQBkAHQAIAAyADAAMQAwACAATwBuAHQAbwBsAG8AZwBpAGUAbgAgAEsAbwBuAHoAZQBwAHQAZQAsACAAVABlAGMAaABuAG8AbABvAGcAaQBlAG4AIAB1AG4AZAAgAEEAbgB3AGUAbgBkAHUAbgBnAGUAbgAuAHAAZABmAA8ADgAGAE0AbwBqAGEAdgBlABIAqFVzZXJzL2ZlbGl4Zm9lcnRzY2gvRG9jdW1lbnRzL09yZ2FuaXNhdGlvbmVuL1VuaSBMZWlwaXpnL0JhY2hlbG9yYXJiZWl0L1B1Ymxpc2hlZC9Xb3JrL1NvdXJjZXMvU3R1Y2tlbnNjaG1pZHQgMjAxMCBPbnRvbG9naWVuIEtvbnplcHRlLCBUZWNobm9sb2dpZW4gdW5kIEFud2VuZHVuZ2VuLnBkZgATAAEvAAAVAAIAFP//AAAACAANABoAJAB4AAAAAAAAAgEAAAAAAAAABQAAAAAAAAAAAAAAAAAAAzI=}}

@article{Hesse_2014,
	Author = {Hesse, Wolfgang and Engesser, Hermann},
	Date-Added = {2020-03-07 16:59:14 +0100},
	Date-Modified = {2020-03-12 13:50:24 +0100},
	Doi = {10.1007/s00287-014-0808-2},
	Issn = {1432-122X},
	Journal = {Informatik-Spektrum},
	Month = {05},
	Number = {4},
	Pages = {281--282},
	Publisher = {Springer Science and Business Media LLC},
	Title = {Ontologie},
	Url = {http://dx.doi.org/10.1007/s00287-014-0808-2},
	Volume = {37},
	Year = {2014},
	Bdsk-File-1 = {YnBsaXN0MDDSAQIDBFxyZWxhdGl2ZVBhdGhZYWxpYXNEYXRhXxAgU291cmNlcy9IZXNzZSAyMDE0IE9udG9sb2dpZS5wZGZPEQH0AAAAAAH0AAIAAAZNb2phdmUAAAAAAAAAAAAAAAAAAAAAAAAAAAAAAAAAQkQAAf////8YSGVzc2UgMjAxNCBPbnRvbG9naWUucGRmAAAAAAAAAAAAAAAAAAAAAAAAAAAAAAAAAAAAAAAAAAAAAAAAAAAA/////wAAAAAAAAAAAAAAAAABAAMAAAogY3UAAAAAAAAAAAAAAAAAB1NvdXJjZXMAAAIAeS86VXNlcnM6ZmVsaXhmb2VydHNjaDpEb2N1bWVudHM6T3JnYW5pc2F0aW9uZW46VW5pIExlaXBpemc6QmFjaGVsb3JhcmJlaXQ6UHVibGlzaGVkOldvcms6U291cmNlczpIZXNzZSAyMDE0IE9udG9sb2dpZS5wZGYAAA4AMgAYAEgAZQBzAHMAZQAgADIAMAAxADQAIABPAG4AdABvAGwAbwBnAGkAZQAuAHAAZABmAA8ADgAGAE0AbwBqAGEAdgBlABIAd1VzZXJzL2ZlbGl4Zm9lcnRzY2gvRG9jdW1lbnRzL09yZ2FuaXNhdGlvbmVuL1VuaSBMZWlwaXpnL0JhY2hlbG9yYXJiZWl0L1B1Ymxpc2hlZC9Xb3JrL1NvdXJjZXMvSGVzc2UgMjAxNCBPbnRvbG9naWUucGRmAAATAAEvAAAVAAIAFP//AAAACAANABoAJABHAAAAAAAAAgEAAAAAAAAABQAAAAAAAAAAAAAAAAAAAj8=}}

@book{Russell:2010aa,
	Address = {New Jersey},
	Author = {Stuart Russell},
	Date-Added = {2020-03-07 15:56:43 +0100},
	Date-Modified = {2020-03-07 17:29:40 +0100},
	Edition = {3th ed.},
	Isbn = {978-0-136-04259-4},
	Publisher = {Pearson},
	Title = {Artificial intelligence : a modern approach},
	Year = {2010},
	Bdsk-File-1 = {YnBsaXN0MDDSAQIDBFxyZWxhdGl2ZVBhdGhZYWxpYXNEYXRhXxBDU291cmNlcy9SdXNzZWxsIDIwMTAgQXJ0aWZpY2lhbCBpbnRlbGxpZ2VuY2UgIGEgbW9kZXJuIGFwcHJvYWNoLnBkZk8RAn4AAAAAAn4AAgAABk1vamF2ZQAAAAAAAAAAAAAAAAAAAAAAAAAAAAAAAABCRAAB/////x9SdXNzZWxsIDIwMTAgQXJ0aWYjRkZGRkZGRkYucGRmAAAAAAAAAAAAAAAAAAAAAAAAAAAAAAAAAAAAAAAAAAD/////AAAAAFBERiAAAAAAAAEAAwAACiBjdQAAAAAAAAAAAAAAAAAHU291cmNlcwAAAgCcLzpVc2VyczpmZWxpeGZvZXJ0c2NoOkRvY3VtZW50czpPcmdhbmlzYXRpb25lbjpVbmkgTGVpcGl6ZzpCYWNoZWxvcmFyYmVpdDpQdWJsaXNoZWQ6V29yazpTb3VyY2VzOlJ1c3NlbGwgMjAxMCBBcnRpZmljaWFsIGludGVsbGlnZW5jZSAgYSBtb2Rlcm4gYXBwcm9hY2gucGRmAA4AeAA7AFIAdQBzAHMAZQBsAGwAIAAyADAAMQAwACAAQQByAHQAaQBmAGkAYwBpAGEAbAAgAGkAbgB0AGUAbABsAGkAZwBlAG4AYwBlACAAIABhACAAbQBvAGQAZQByAG4AIABhAHAAcAByAG8AYQBjAGgALgBwAGQAZgAPAA4ABgBNAG8AagBhAHYAZQASAJpVc2Vycy9mZWxpeGZvZXJ0c2NoL0RvY3VtZW50cy9PcmdhbmlzYXRpb25lbi9VbmkgTGVpcGl6Zy9CYWNoZWxvcmFyYmVpdC9QdWJsaXNoZWQvV29yay9Tb3VyY2VzL1J1c3NlbGwgMjAxMCBBcnRpZmljaWFsIGludGVsbGlnZW5jZSAgYSBtb2Rlcm4gYXBwcm9hY2gucGRmABMAAS8AABUAAgAU//8AAAAIAA0AGgAkAGoAAAAAAAACAQAAAAAAAAAFAAAAAAAAAAAAAAAAAAAC7A==}}

@misc{Dan-Brickley2014FOAF-Vocabulary,
	Author = {Dan Brickley, Libby Miller},
	Date-Added = {2020-02-27 15:32:08 +0100},
	Date-Modified = {2020-05-01 13:34:02 +0200},
	Language = {English},
	Month = {01},
	Title = {FOAF Vocabulary Specification 0.99},
	Url = {http://xmlns.com/foaf/spec/},
	Urldate = {2020-02-27},
	Year = {2014},
	Bdsk-Url-1 = {http://xmlns.com/foaf/spec/}}

@misc{guide-to-ontology,
	Author = {Natalya F. Noy and Deborah L. McGuinness},
	Date-Added = {2020-02-21 16:58:02 +0100},
	Date-Modified = {2020-05-01 13:35:06 +0200},
	Title = {Ontology Development 101: A Guide to Creating Your First Ontology},
	Url = {https://protege.stanford.edu/publications/ontology_development/ontology101-noy-mcguinness.html},
	Urldate = {2020-02-20},
	Bdsk-File-1 = {YnBsaXN0MDDSAQIDBFxyZWxhdGl2ZVBhdGhZYWxpYXNEYXRhXxBCU291cmNlcy9Ob3kgIE9udG9sb2d5IERldmVsb3BtZW50IDEwMSBBIEd1aWRlIHRvIENyZWF0aW5nIFlvdXIucGRmTxECfAAAAAACfAACAAAGTW9qYXZlAAAAAAAAAAAAAAAAAAAAAAAAAAAAAAAAAEJEAAH/////H05veSAgT250b2xvZ3kgRGV2ZSNGRkZGRkZGRi5wZGYAAAAAAAAAAAAAAAAAAAAAAAAAAAAAAAAAAAAAAAAAAP////8AAAAAAAAAAAAAAAAAAQADAAAKIGN1AAAAAAAAAAAAAAAAAAdTb3VyY2VzAAACAJsvOlVzZXJzOmZlbGl4Zm9lcnRzY2g6RG9jdW1lbnRzOk9yZ2FuaXNhdGlvbmVuOlVuaSBMZWlwaXpnOkJhY2hlbG9yYXJiZWl0OlB1Ymxpc2hlZDpXb3JrOlNvdXJjZXM6Tm95ICBPbnRvbG9neSBEZXZlbG9wbWVudCAxMDEgQSBHdWlkZSB0byBDcmVhdGluZyBZb3VyLnBkZgAADgB2ADoATgBvAHkAIAAgAE8AbgB0AG8AbABvAGcAeQAgAEQAZQB2AGUAbABvAHAAbQBlAG4AdAAgADEAMAAxACAAQQAgAEcAdQBpAGQAZQAgAHQAbwAgAEMAcgBlAGEAdABpAG4AZwAgAFkAbwB1AHIALgBwAGQAZgAPAA4ABgBNAG8AagBhAHYAZQASAJlVc2Vycy9mZWxpeGZvZXJ0c2NoL0RvY3VtZW50cy9PcmdhbmlzYXRpb25lbi9VbmkgTGVpcGl6Zy9CYWNoZWxvcmFyYmVpdC9QdWJsaXNoZWQvV29yay9Tb3VyY2VzL05veSAgT250b2xvZ3kgRGV2ZWxvcG1lbnQgMTAxIEEgR3VpZGUgdG8gQ3JlYXRpbmcgWW91ci5wZGYAABMAAS8AABUAAgAU//8AAAAIAA0AGgAkAGkAAAAAAAACAQAAAAAAAAAFAAAAAAAAAAAAAAAAAAAC6Q==}}

@article{musen2015protege,
	Author = {Musen, Mark A},
	Date-Added = {2020-02-21 16:54:57 +0100},
	Date-Modified = {2020-02-21 16:54:57 +0100},
	Journal = {AI matters},
	Number = {4},
	Pages = {4--12},
	Publisher = {ACM New York, NY, USA},
	Title = {The protégé project: a look back and a look forward},
	Volume = {1},
	Year = {2015},
	Bdsk-File-1 = {YnBsaXN0MDDSAQIDBFxyZWxhdGl2ZVBhdGhZYWxpYXNEYXRhbxBDAFMAbwB1AHIAYwBlAHMALwBNAHUAcwBlAG4AIAAyADAAMQA1ACAAVABoAGUAIABwAHIAbwB0AGUDAQBnAGUDAQAgAHAAcgBvAGoAZQBjAHQAIABhACAAbABvAG8AawAgAGIAYQBjAGsAIABhAG4AZAAgAGEAIABsAG8AbwBrAC4AcABkAGZPEQKCAAAAAAKCAAIAAAZNb2phdmUAAAAAAAAAAAAAAAAAAAAAAAAAAAAAAAAAQkQAAf////8fTXVzZW4gMjAxNSBUaGUgcHJvI0ZGRkZGRkZGLnBkZgAAAAAAAAAAAAAAAAAAAAAAAAAAAAAAAAAAAAAAAAAA/////wAAAAAAAAAAAAAAAAABAAMAAAogY3UAAAAAAAAAAAAAAAAAB1NvdXJjZXMAAAIAni86VXNlcnM6ZmVsaXhmb2VydHNjaDpEb2N1bWVudHM6T3JnYW5pc2F0aW9uZW46VW5pIExlaXBpemc6QmFjaGVsb3JhcmJlaXQ6UHVibGlzaGVkOldvcms6U291cmNlczpNdXNlbiAyMDE1IFRoZSBwcm90ZcyBZ2XMgSBwcm9qZWN0IGEgbG9vayBiYWNrIGFuZCBhIGxvb2sucGRmAA4AeAA7AE0AdQBzAGUAbgAgADIAMAAxADUAIABUAGgAZQAgAHAAcgBvAHQAZQMBAGcAZQMBACAAcAByAG8AagBlAGMAdAAgAGEAIABsAG8AbwBrACAAYgBhAGMAawAgAGEAbgBkACAAYQAgAGwAbwBvAGsALgBwAGQAZgAPAA4ABgBNAG8AagBhAHYAZQASAJxVc2Vycy9mZWxpeGZvZXJ0c2NoL0RvY3VtZW50cy9PcmdhbmlzYXRpb25lbi9VbmkgTGVpcGl6Zy9CYWNoZWxvcmFyYmVpdC9QdWJsaXNoZWQvV29yay9Tb3VyY2VzL011c2VuIDIwMTUgVGhlIHByb3RlzIFnZcyBIHByb2plY3QgYSBsb29rIGJhY2sgYW5kIGEgbG9vay5wZGYAEwABLwAAFQACABT//wAAAAgADQAaACQArQAAAAAAAAIBAAAAAAAAAAUAAAAAAAAAAAAAAAAAAAMz}}

@article{arapinis2015plea,
	Author = {Arapinis, Alexandra and Vieu, Laure},
	Date-Added = {2020-02-13 11:12:31 +0100},
	Date-Modified = {2020-02-13 11:12:31 +0100},
	Journal = {Applied Ontology},
	Number = {3-4},
	Pages = {285--296},
	Publisher = {IOS Press},
	Title = {A plea for complex categories in ontologies},
	Volume = {10},
	Year = {2015},
	Bdsk-File-1 = {YnBsaXN0MDDSAQIDBFxyZWxhdGl2ZVBhdGhZYWxpYXNEYXRhXxBFU291cmNlcy9BcmFwaW5pcyAyMDE1IEEgcGxlYSBmb3IgY29tcGxleCBjYXRlZ29yaWVzIGluIG9udG9sb2dpZXMucGRmTxEChgAAAAAChgACAAAGTW9qYXZlAAAAAAAAAAAAAAAAAAAAAAAAAAAAAAAAAEJEAAH/////H0FyYXBpbmlzIDIwMTUgQSBwbCNGRkZGRkZGRi5wZGYAAAAAAAAAAAAAAAAAAAAAAAAAAAAAAAAAAAAAAAAAAP////8AAAAAAAAAAAAAAAAAAQADAAAKIGN1AAAAAAAAAAAAAAAAAAdTb3VyY2VzAAACAJ4vOlVzZXJzOmZlbGl4Zm9lcnRzY2g6RG9jdW1lbnRzOk9yZ2FuaXNhdGlvbmVuOlVuaSBMZWlwaXpnOkJhY2hlbG9yYXJiZWl0OlB1Ymxpc2hlZDpXb3JrOlNvdXJjZXM6QXJhcGluaXMgMjAxNSBBIHBsZWEgZm9yIGNvbXBsZXggY2F0ZWdvcmllcyBpbiBvbnRvbG9naWVzLnBkZgAOAHwAPQBBAHIAYQBwAGkAbgBpAHMAIAAyADAAMQA1ACAAQQAgAHAAbABlAGEAIABmAG8AcgAgAGMAbwBtAHAAbABlAHgAIABjAGEAdABlAGcAbwByAGkAZQBzACAAaQBuACAAbwBuAHQAbwBsAG8AZwBpAGUAcwAuAHAAZABmAA8ADgAGAE0AbwBqAGEAdgBlABIAnFVzZXJzL2ZlbGl4Zm9lcnRzY2gvRG9jdW1lbnRzL09yZ2FuaXNhdGlvbmVuL1VuaSBMZWlwaXpnL0JhY2hlbG9yYXJiZWl0L1B1Ymxpc2hlZC9Xb3JrL1NvdXJjZXMvQXJhcGluaXMgMjAxNSBBIHBsZWEgZm9yIGNvbXBsZXggY2F0ZWdvcmllcyBpbiBvbnRvbG9naWVzLnBkZgATAAEvAAAVAAIAFP//AAAACAANABoAJABsAAAAAAAAAgEAAAAAAAAABQAAAAAAAAAAAAAAAAAAAvY=}}

@inproceedings{rogers1997terminological,
	Author = {Rogers, JE and Rector, Alan L},
	Booktitle = {Proceedings of the AMIA Annual Fall Symposium},
	Date-Added = {2020-02-11 17:52:29 +0100},
	Date-Modified = {2020-02-11 17:52:29 +0100},
	Organization = {American Medical Informatics Association},
	Pages = {610},
	Title = {Terminological systems: bridging the generation gap.},
	Year = {1997},
	Bdsk-File-1 = {YnBsaXN0MDDSAQIDBFxyZWxhdGl2ZVBhdGhZYWxpYXNEYXRhXxBLU291cmNlcy9Sb2dlcnMgMTk5NyBUZXJtaW5vbG9naWNhbCBzeXN0ZW1zIGJyaWRnaW5nIHRoZSBnZW5lcmF0aW9uIGdhcC4ucGRmTxECngAAAAACngACAAAGTW9qYXZlAAAAAAAAAAAAAAAAAAAAAAAAAAAAAAAAAEJEAAH/////H1JvZ2VycyAxOTk3IFRlcm1pbiNGRkZGRkZGRi5wZGYAAAAAAAAAAAAAAAAAAAAAAAAAAAAAAAAAAAAAAAAAAP////8AAAAAAAAAAAAAAAAAAQADAAAKIGN1AAAAAAAAAAAAAAAAAAdTb3VyY2VzAAACAKQvOlVzZXJzOmZlbGl4Zm9lcnRzY2g6RG9jdW1lbnRzOk9yZ2FuaXNhdGlvbmVuOlVuaSBMZWlwaXpnOkJhY2hlbG9yYXJiZWl0OlB1Ymxpc2hlZDpXb3JrOlNvdXJjZXM6Um9nZXJzIDE5OTcgVGVybWlub2xvZ2ljYWwgc3lzdGVtcyBicmlkZ2luZyB0aGUgZ2VuZXJhdGlvbiBnYXAuLnBkZgAOAIgAQwBSAG8AZwBlAHIAcwAgADEAOQA5ADcAIABUAGUAcgBtAGkAbgBvAGwAbwBnAGkAYwBhAGwAIABzAHkAcwB0AGUAbQBzACAAYgByAGkAZABnAGkAbgBnACAAdABoAGUAIABnAGUAbgBlAHIAYQB0AGkAbwBuACAAZwBhAHAALgAuAHAAZABmAA8ADgAGAE0AbwBqAGEAdgBlABIAolVzZXJzL2ZlbGl4Zm9lcnRzY2gvRG9jdW1lbnRzL09yZ2FuaXNhdGlvbmVuL1VuaSBMZWlwaXpnL0JhY2hlbG9yYXJiZWl0L1B1Ymxpc2hlZC9Xb3JrL1NvdXJjZXMvUm9nZXJzIDE5OTcgVGVybWlub2xvZ2ljYWwgc3lzdGVtcyBicmlkZ2luZyB0aGUgZ2VuZXJhdGlvbiBnYXAuLnBkZgATAAEvAAAVAAIAFP//AAAACAANABoAJAByAAAAAAAAAgEAAAAAAAAABQAAAAAAAAAAAAAAAAAAAxQ=}}

@book{baader2017introduction,
	Author = {Baader, Franz and Horrocks, Ian and Lutz, Carsten and Sattler, Uli},
	Date-Added = {2020-02-10 14:57:07 +0100},
	Date-Modified = {2020-03-07 17:12:22 +0100},
	Isbn = {978-0-521-87625-4},
	Publisher = {Cambridge University Press},
	Title = {Introduction to Description Logic},
	Year = {2017},
	Bdsk-File-1 = {YnBsaXN0MDDSAQIDBFxyZWxhdGl2ZVBhdGhZYWxpYXNEYXRhXxA5U291cmNlcy9CYWFkZXIgMjAxNyBJbnRyb2R1Y3Rpb24gdG8gRGVzY3JpcHRpb24gTG9naWMucGRmTxECVgAAAAACVgACAAAGTW9qYXZlAAAAAAAAAAAAAAAAAAAAAAAAAAAAAAAAAEJEAAH/////H0JhYWRlciAyMDE3IEludHJvZCNGRkZGRkZGRi5wZGYAAAAAAAAAAAAAAAAAAAAAAAAAAAAAAAAAAAAAAAAAAP////8AAAAAAAAAAAAAAAAAAQADAAAKIGN1AAAAAAAAAAAAAAAAAAdTb3VyY2VzAAACAJIvOlVzZXJzOmZlbGl4Zm9lcnRzY2g6RG9jdW1lbnRzOk9yZ2FuaXNhdGlvbmVuOlVuaSBMZWlwaXpnOkJhY2hlbG9yYXJiZWl0OlB1Ymxpc2hlZDpXb3JrOlNvdXJjZXM6QmFhZGVyIDIwMTcgSW50cm9kdWN0aW9uIHRvIERlc2NyaXB0aW9uIExvZ2ljLnBkZgAOAGQAMQBCAGEAYQBkAGUAcgAgADIAMAAxADcAIABJAG4AdAByAG8AZAB1AGMAdABpAG8AbgAgAHQAbwAgAEQAZQBzAGMAcgBpAHAAdABpAG8AbgAgAEwAbwBnAGkAYwAuAHAAZABmAA8ADgAGAE0AbwBqAGEAdgBlABIAkFVzZXJzL2ZlbGl4Zm9lcnRzY2gvRG9jdW1lbnRzL09yZ2FuaXNhdGlvbmVuL1VuaSBMZWlwaXpnL0JhY2hlbG9yYXJiZWl0L1B1Ymxpc2hlZC9Xb3JrL1NvdXJjZXMvQmFhZGVyIDIwMTcgSW50cm9kdWN0aW9uIHRvIERlc2NyaXB0aW9uIExvZ2ljLnBkZgATAAEvAAAVAAIAFP//AAAACAANABoAJABgAAAAAAAAAgEAAAAAAAAABQAAAAAAAAAAAAAAAAAAAro=}}

@phdthesis{loebe2015ontological,
	Author = {Loebe, Frank},
	Date-Added = {2020-01-15 15:04:28 +0100},
	Date-Modified = {2020-03-12 13:50:10 +0100},
	Month = {03},
	School = {Universität Leipzig},
	Title = {Ontological Semantics: An Attempt at Foundations of Ontology Representation},
	Year = {2015},
	Bdsk-File-1 = {YnBsaXN0MDDSAQIDBFxyZWxhdGl2ZVBhdGhZYWxpYXNEYXRhXxBSU291cmNlcy9Mb2ViZSAyMDE1IE9udG9sb2dpY2FsIFNlbWFudGljcyBBbiBBdHRlbXB0IGF0IEZvdW5kYXRpb25zIG9mIE9udG9sb2d5LnBkZk8RArwAAAAAArwAAgAABk1vamF2ZQAAAAAAAAAAAAAAAAAAAAAAAAAAAAAAAABCRAAB/////x9Mb2ViZSAyMDE1IE9udG9sb2cjRkZGRkZGRkYucGRmAAAAAAAAAAAAAAAAAAAAAAAAAAAAAAAAAAAAAAAAAAD/////AAAAAAAAAAAAAAAAAAEAAwAACiBjdQAAAAAAAAAAAAAAAAAHU291cmNlcwAAAgCrLzpVc2VyczpmZWxpeGZvZXJ0c2NoOkRvY3VtZW50czpPcmdhbmlzYXRpb25lbjpVbmkgTGVpcGl6ZzpCYWNoZWxvcmFyYmVpdDpQdWJsaXNoZWQ6V29yazpTb3VyY2VzOkxvZWJlIDIwMTUgT250b2xvZ2ljYWwgU2VtYW50aWNzIEFuIEF0dGVtcHQgYXQgRm91bmRhdGlvbnMgb2YgT250b2xvZ3kucGRmAAAOAJYASgBMAG8AZQBiAGUAIAAyADAAMQA1ACAATwBuAHQAbwBsAG8AZwBpAGMAYQBsACAAUwBlAG0AYQBuAHQAaQBjAHMAIABBAG4AIABBAHQAdABlAG0AcAB0ACAAYQB0ACAARgBvAHUAbgBkAGEAdABpAG8AbgBzACAAbwBmACAATwBuAHQAbwBsAG8AZwB5AC4AcABkAGYADwAOAAYATQBvAGoAYQB2AGUAEgCpVXNlcnMvZmVsaXhmb2VydHNjaC9Eb2N1bWVudHMvT3JnYW5pc2F0aW9uZW4vVW5pIExlaXBpemcvQmFjaGVsb3JhcmJlaXQvUHVibGlzaGVkL1dvcmsvU291cmNlcy9Mb2ViZSAyMDE1IE9udG9sb2dpY2FsIFNlbWFudGljcyBBbiBBdHRlbXB0IGF0IEZvdW5kYXRpb25zIG9mIE9udG9sb2d5LnBkZgAAEwABLwAAFQACABT//wAAAAgADQAaACQAeQAAAAAAAAIBAAAAAAAAAAUAAAAAAAAAAAAAAAAAAAM5}}

@article{loebe2003analysis,
	Author = {Loebe, Frank},
	Date-Added = {2020-01-13 14:13:09 +0100},
	Date-Modified = {2020-01-13 14:13:09 +0100},
	Journal = {Onto-Med Report},
	Title = {An analysis of roles: Towards ontology-based modelling},
	Volume = {6},
	Year = {2003},
	Bdsk-File-1 = {YnBsaXN0MDDSAQIDBFxyZWxhdGl2ZVBhdGhZYWxpYXNEYXRhXxBMU291cmNlcy9Mb2ViZSAyMDAzIEFuIGFuYWx5c2lzIG9mIHJvbGVzIFRvd2FyZHMgb250b2xvZ3ktYmFzZWQgbW9kZWxsaW5nLnBkZk8RAqQAAAAAAqQAAgAABk1vamF2ZQAAAAAAAAAAAAAAAAAAAAAAAAAAAAAAAABCRAAB/////x9Mb2ViZSAyMDAzIEFuIGFuYWwjRkZGRkZGRkYucGRmAAAAAAAAAAAAAAAAAAAAAAAAAAAAAAAAAAAAAAAAAAD/////AAAAAAAAAAAAAAAAAAEAAwAACiBjdQAAAAAAAAAAAAAAAAAHU291cmNlcwAAAgClLzpVc2VyczpmZWxpeGZvZXJ0c2NoOkRvY3VtZW50czpPcmdhbmlzYXRpb25lbjpVbmkgTGVpcGl6ZzpCYWNoZWxvcmFyYmVpdDpQdWJsaXNoZWQ6V29yazpTb3VyY2VzOkxvZWJlIDIwMDMgQW4gYW5hbHlzaXMgb2Ygcm9sZXMgVG93YXJkcyBvbnRvbG9neS1iYXNlZCBtb2RlbGxpbmcucGRmAAAOAIoARABMAG8AZQBiAGUAIAAyADAAMAAzACAAQQBuACAAYQBuAGEAbAB5AHMAaQBzACAAbwBmACAAcgBvAGwAZQBzACAAVABvAHcAYQByAGQAcwAgAG8AbgB0AG8AbABvAGcAeQAtAGIAYQBzAGUAZAAgAG0AbwBkAGUAbABsAGkAbgBnAC4AcABkAGYADwAOAAYATQBvAGoAYQB2AGUAEgCjVXNlcnMvZmVsaXhmb2VydHNjaC9Eb2N1bWVudHMvT3JnYW5pc2F0aW9uZW4vVW5pIExlaXBpemcvQmFjaGVsb3JhcmJlaXQvUHVibGlzaGVkL1dvcmsvU291cmNlcy9Mb2ViZSAyMDAzIEFuIGFuYWx5c2lzIG9mIHJvbGVzIFRvd2FyZHMgb250b2xvZ3ktYmFzZWQgbW9kZWxsaW5nLnBkZgAAEwABLwAAFQACABT//wAAAAgADQAaACQAcwAAAAAAAAIBAAAAAAAAAAUAAAAAAAAAAAAAAAAAAAMb}}

@article{loebe2007abstract,
	Author = {Loebe, Frank},
	Date-Added = {2020-01-06 13:25:28 +0100},
	Date-Modified = {2020-01-06 13:25:28 +0100},
	Journal = {Applied Ontology},
	Number = {2},
	Pages = {127--158},
	Publisher = {IOS Press},
	Title = {Abstract vs. social roles--Towards a general theoretical account of roles},
	Volume = {2},
	Year = {2007},
	Bdsk-File-1 = {YnBsaXN0MDDSAQIDBFxyZWxhdGl2ZVBhdGhZYWxpYXNEYXRhXxBPU291cmNlcy9Mb2ViZSAyMDA3IEFic3RyYWN0IHZzLiBzb2NpYWwgcm9sZXMtLVRvd2FyZHMgYSBnZW5lcmFsIHRoZW9yZXRpY2FsLnBkZk8RAq4AAAAAAq4AAgAABk1vamF2ZQAAAAAAAAAAAAAAAAAAAAAAAAAAAAAAAABCRAAB/////x9Mb2ViZSAyMDA3IEFic3RyYWMjRkZGRkZGRkYucGRmAAAAAAAAAAAAAAAAAAAAAAAAAAAAAAAAAAAAAAAAAAD/////AAAAAAAAAAAAAAAAAAEAAwAACiBjdQAAAAAAAAAAAAAAAAAHU291cmNlcwAAAgCoLzpVc2VyczpmZWxpeGZvZXJ0c2NoOkRvY3VtZW50czpPcmdhbmlzYXRpb25lbjpVbmkgTGVpcGl6ZzpCYWNoZWxvcmFyYmVpdDpQdWJsaXNoZWQ6V29yazpTb3VyY2VzOkxvZWJlIDIwMDcgQWJzdHJhY3QgdnMuIHNvY2lhbCByb2xlcy0tVG93YXJkcyBhIGdlbmVyYWwgdGhlb3JldGljYWwucGRmAA4AkABHAEwAbwBlAGIAZQAgADIAMAAwADcAIABBAGIAcwB0AHIAYQBjAHQAIAB2AHMALgAgAHMAbwBjAGkAYQBsACAAcgBvAGwAZQBzAC0ALQBUAG8AdwBhAHIAZABzACAAYQAgAGcAZQBuAGUAcgBhAGwAIAB0AGgAZQBvAHIAZQB0AGkAYwBhAGwALgBwAGQAZgAPAA4ABgBNAG8AagBhAHYAZQASAKZVc2Vycy9mZWxpeGZvZXJ0c2NoL0RvY3VtZW50cy9PcmdhbmlzYXRpb25lbi9VbmkgTGVpcGl6Zy9CYWNoZWxvcmFyYmVpdC9QdWJsaXNoZWQvV29yay9Tb3VyY2VzL0xvZWJlIDIwMDcgQWJzdHJhY3QgdnMuIHNvY2lhbCByb2xlcy0tVG93YXJkcyBhIGdlbmVyYWwgdGhlb3JldGljYWwucGRmABMAAS8AABUAAgAU//8AAAAIAA0AGgAkAHYAAAAAAAACAQAAAAAAAAAFAAAAAAAAAAAAAAAAAAADKA==}}

@misc{stabu2019a,
	Author = {Statistisches Bundesamt},
	Date-Added = {2019-12-01 14:10:59 +0100},
	Date-Modified = {2020-05-01 13:44:47 +0200},
	Keywords = {Statistik},
	Month = {10},
	Title = {Zusammengefasste Abschlussprüfungen mit erstem und weiteren Abschluss sowie Gesamtstudienzeit (2016-2018)},
	Url = {https://www.destatis.de/DE/Themen/Gesellschaft-Umwelt/Bildung-Forschung-Kultur/Hochschulen/Tabellen/bestandenepruefungen-studiendauer.html},
	Urldate = {2020-03-01},
	Year = {2019},
	Bdsk-Url-1 = {https://www.destatis.de/DE/Themen/Gesellschaft-Umwelt/Bildung-Forschung-Kultur/Hochschulen/Tabellen/bestandenepruefungen-studiendauer.html}}
